ASP

@inproceedings{lifschitz2008answer,
  title={What Is Answer Set Programming?},
  author={Lifschitz, Vladimir},
  booktitle={AAAI},
  pages={1594--1597},
  year={2008}
}

@article{gebser2016modeling,
  title={Modeling and language extensions},
  author={Gebser, Martin and Schaub, Torsten},
  journal={AI Magazine},
  volume={37},
  number={3},
  pages={33--44},
  year={2016}
}

@article{gebser2008user,
  title={A user’s guide to gringo, clasp, clingo, and iclingo},
  author={Gebser, Martin and Kaminski, Roland and Kaufmann, Benjamin and Ostrowski, Max and Schaub, Torsten and Thiele, Sven},
  year={2008},
  publisher={Citeseer}
}

@article{Brewka2011,
author = {Brewka, Gerhard and Eiter, Thomas and Truszczynski, Miroslaw},
year = {2011},
month = {12},
pages = {92-103},
title = {Answer Set Programming at a Glance},
volume = {54},
journal = {Commun. ACM},
doi = {10.1145/2043174.2043195}
}

PENG

@article{guy2017peng,
  title={The PENG ASP system: architecture, language and authoring tool},
  author={Guy, Stephen C and Schwitter, Rolf},
  journal={Language Resources and Evaluation},
  volume={51},
  number={1},
  pages={67--92},
  year={2017},
  publisher={Springer}
}

@article{schwitter2018specifying,
  title={Specifying and verbalising answer set programs in controlled natural language},
  author={Schwitter, Rolf},
  journal={Theory and Practice of Logic Programming},
  volume={18},
  number={3-4},
  pages={691--705},
  year={2018},
  publisher={Cambridge University Press}
}

@article{pereira1980definite,
  title={Definite clause grammars for language analysis—a survey of the formalism and a comparison with augmented transition networks},
  author={Pereira, Fernando CN and Warren, David HD},
  journal={Artificial intelligence},
  volume={13},
  number={3},
  pages={231--278},
  year={1980},
  publisher={Elsevier}
}

@misc{swiprolog2020dcg,
  title = {DCG Grammar rules},
  howpublished = {\url{https://www.swi-prolog.org/pldoc/man?section=DCG}},
  note = {Accessed: 2020-11-12}
}

OTHER ASP USE CASES

@article{banbara2013answer,
  title={Answer set programming as a modeling language for course timetabling},
  author={Banbara, Mutsunori and Soh, Takehide and Tamura, Naoyuki and Inoue, Katsumi and Schaub, Torsten},
  journal={Theory and practice of logic programming},
  volume={13},
  number={4-5},
  pages={783--798},
  year={2013},
  publisher={Cambridge University Press}
}

@inproceedings{mitra2016addressing,
  title={Addressing a question answering challenge by combining statistical methods with inductive rule learning and reasoning},
  author={Mitra, Arindam and Baral, Chitta},
  booktitle={Proceedings of the AAAI Conference on Artificial Intelligence},
  volume={30},
  number={1},
  pages={2779--2785},
  year={2016}
}

Data Science

@article{Gobinda:NLP,
author = {Chowdhury, Gobinda G.},
title = {Natural language processing},
journal = {Annual Review of Information Science and Technology},
volume = {37},
number = {1},
pages = {51-89},
doi = {10.1002/aris.1440370103},
url = {https://asistdl.onlinelibrary.wiley.com/doi/abs/10.1002/aris.1440370103},
eprint = {https://asistdl.onlinelibrary.wiley.com/doi/pdf/10.1002/aris.1440370103},
year = {2003}
}

@article{cao2017data,
  title={Data science: a comprehensive overview},
  author={Cao, Longbing},
  journal={ACM Computing Surveys (CSUR)},
  volume={50},
  number={3},
  pages={1--42},
  year={2017},
  publisher={ACM New York, NY, USA}
}

@misc{zhang2020data,
      title={How do Data Science Workers Collaborate? Roles, Workflows, and Tools}, 
      author={Amy X. Zhang and Michael Muller and Dakuo Wang},
      year={2020},
      eprint={2001.06684},
      archivePrefix={arXiv},
      primaryClass={cs.HC}
}

@article{sarker2021data,
  title={Data science and analytics: an overview from data-driven smart computing, decision-making and applications perspective},
  author={Sarker, Iqbal H},
  journal={SN Computer Science},
  volume={2},
  number={5},
  pages={377},
  year={2021},
  publisher={Springer}
}

@book{bruce2020practical,
  title={Practical statistics for data scientists: 50+ essential concepts using R and Python},
  author={Bruce, Peter and Bruce, Andrew and Gedeck, Peter},
  year={2020},
  publisher={O'Reilly Media}
}

@book{tukey1977exploratory,
  title={Exploratory data analysis},
  author={Tukey, John W and others},
  volume={2},
  year={1977},
  publisher={Reading, MA}
}

@article{kluyver2016jupyter,
  title={Jupyter Notebooks-a publishing format for reproducible computational workflows.},
  author={Kluyver, Thomas and Ragan-Kelley, Benjamin and P{\'e}rez, Fernando and Granger, Brian E and Bussonnier, Matthias and Frederic, Jonathan and Kelley, Kyle and Hamrick, Jessica B and Grout, Jason and Corlay, Sylvain and others},
  journal={Elpub},
  volume={2016},
  pages={87--90},
  year={2016}
}

@article{mckinney2011pandas,
  title={pandas: a foundational Python library for data analysis and statistics},
  author={McKinney, Wes and others},
  journal={Python for high performance and scientific computing},
  volume={14},
  number={9},
  pages={1--9},
  year={2011},
  publisher={Seattle}
}

@software{seaborn,
    author = {mwaskom},
    license = {BSD-3-Clause License},
    title = {{seaborn: statistical data visualization}},
    url = {https://github.com/mwaskom/seaborn}
}

@software{numpy,
    author = {numpy},
    license = {BSD-3-Clause License},
    title = {NumPy},
    url = {https://github.com/numpy/numpy}
}

@article{pedregosa2011scikit,
  title={Scikit-learn: Machine learning in Python},
  author={Pedregosa, Fabian and Varoquaux, Ga{\"e}l and Gramfort, Alexandre and Michel, Vincent and Thirion, Bertrand and Grisel, Olivier and Blondel, Mathieu and Prettenhofer, Peter and Weiss, Ron and Dubourg, Vincent and others},
  journal={the Journal of machine Learning research},
  volume={12},
  pages={2825--2830},
  year={2011},
  publisher={JMLR. org}
}

@software{spaCy,
    author = {explosion},
    license = {MIT License},
    title = {spaCy: Industrial-strength NLP},
    url = {https://github.com/explosion/spaCy}
}

@article{loper2002nltk,
  title={Nltk: The natural language toolkit},
  author={Loper, Edward and Bird, Steven},
  journal={arXiv preprint cs/0205028},
  year={2002}
}

@article{vrehuuvrek2011gensim,
  title={Gensim—statistical semantics in python},
  author={Rehurek, Radim and Sojka, Petr and others},
  journal={Retrieved from genism. org},
  year={2011},
  publisher={Citeseer}
}

@inproceedings{barrett2005matplotlib,
  title={matplotlib--A Portable Python Plotting Package},
  author={Barrett, Paul and Hunter, John and Miller, J Todd and Hsu, J-C and Greenfield, Perry},
  booktitle={Astronomical data analysis software and systems XIV},
  volume={347},
  pages={91},
  year={2005}
}

USE CASES

@online{housingprices,
  author = {Marcelino, Pedro},
  title = {Comprehensive data exploration with Python},
  year = 2022,
  url = {https://www.kaggle.com/code/pmarcelino/comprehensive-data-exploration-with-python},
  urldate = {2023-09-30}
}

@online{titanic,
  author = {Sehgal, Manav},
  title = {Titanic Data Science Solutions},
  year = 2019,
  url = {https://www.kaggle.com/code/startupsci/titanic-data-science-solutions},
  urldate = {2023-09-30}
}

@online{imbd,
  author = {N, Lakshmipathi},
  title = {Sentiment Analysis of IMDB Movie Reviews},
  year = 2020,
  url = {https://www.kaggle.com/code/lakshmi25npathi/sentiment-analysis-of-imdb-movie-reviews},
  urldate = {2023-09-30}
}

@online{basicnlp,
  author = {Goyal, Anubhav},
  title = {Basic Text-Preprocessing Template | NLP},
  year = 2022,
  url = {https://www.kaggle.com/code/anubhavgoyal10/basic-text-preprocessing-template-nlp},
  urldate = {2023-09-30}
}

@misc{house-prices-Data,
    author = {Anna Montoya, DataCanary},
    title = {House Prices - Advanced Regression Techniques},
    publisher = {Kaggle},
    year = {2016},
    url = {https://kaggle.com/competitions/house-prices-advanced-regression-techniques}
}

@misc{titanicData,
    author = {Will Cukierski},
    title = {Titanic - Machine Learning from Disaster},
    publisher = {Kaggle},
    year = {2012},
    url = {https://kaggle.com/competitions/titanic}
}

@InProceedings{IMBDData,
  author    = {Maas, Andrew L.  and  Daly, Raymond E.  and  Pham, Peter T.  and  Huang, Dan  and  Ng, Andrew Y.  and  Potts, Christopher},
  title     = {Learning Word Vectors for Sentiment Analysis},
  booktitle = {Proceedings of the 49th Annual Meeting of the Association for Computational Linguistics: Human Language Technologies},
  month     = {June},
  year      = {2011},
  address   = {Portland, Oregon, USA},
  publisher = {Association for Computational Linguistics},
  pages     = {142--150},
  url       = {http://www.aclweb.org/anthology/P11-1015}
}

Generative AI

@misc{openai2023gpt4,
      title={GPT-4 Technical Report}, 
      author={OpenAI},
      year={2023},
      eprint={2303.08774},
      archivePrefix={arXiv},
      primaryClass={cs.CL}
}

@misc{anil2023palm,
      title={PaLM 2 Technical Report}, 
      author={Rohan Anil and Andrew M. Dai and Orhan Firat and Melvin Johnson and Dmitry Lepikhin and Alexandre Passos and Siamak Shakeri and Emanuel Taropa and Paige Bailey and Zhifeng Chen and Eric Chu and Jonathan H. Clark and Laurent El Shafey and Yanping Huang and Kathy Meier-Hellstern and Gaurav Mishra and Erica Moreira and Mark Omernick and Kevin Robinson and Sebastian Ruder and Yi Tay and Kefan Xiao and Yuanzhong Xu and Yujing Zhang and Gustavo Hernandez Abrego and Junwhan Ahn and Jacob Austin and Paul Barham and Jan Botha and James Bradbury and Siddhartha Brahma and Kevin Brooks and Michele Catasta and Yong Cheng and Colin Cherry and Christopher A. Choquette-Choo and Aakanksha Chowdhery and Clément Crepy and Shachi Dave and Mostafa Dehghani and Sunipa Dev and Jacob Devlin and Mark Díaz and Nan Du and Ethan Dyer and Vlad Feinberg and Fangxiaoyu Feng and Vlad Fienber and Markus Freitag and Xavier Garcia and Sebastian Gehrmann and Lucas Gonzalez and Guy Gur-Ari and Steven Hand and Hadi Hashemi and Le Hou and Joshua Howland and Andrea Hu and Jeffrey Hui and Jeremy Hurwitz and Michael Isard and Abe Ittycheriah and Matthew Jagielski and Wenhao Jia and Kathleen Kenealy and Maxim Krikun and Sneha Kudugunta and Chang Lan and Katherine Lee and Benjamin Lee and Eric Li and Music Li and Wei Li and YaGuang Li and Jian Li and Hyeontaek Lim and Hanzhao Lin and Zhongtao Liu and Frederick Liu and Marcello Maggioni and Aroma Mahendru and Joshua Maynez and Vedant Misra and Maysam Moussalem and Zachary Nado and John Nham and Eric Ni and Andrew Nystrom and Alicia Parrish and Marie Pellat and Martin Polacek and Alex Polozov and Reiner Pope and Siyuan Qiao and Emily Reif and Bryan Richter and Parker Riley and Alex Castro Ros and Aurko Roy and Brennan Saeta and Rajkumar Samuel and Renee Shelby and Ambrose Slone and Daniel Smilkov and David R. So and Daniel Sohn and Simon Tokumine and Dasha Valter and Vijay Vasudevan and Kiran Vodrahalli and Xuezhi Wang and Pidong Wang and Zirui Wang and Tao Wang and John Wieting and Yuhuai Wu and Kelvin Xu and Yunhan Xu and Linting Xue and Pengcheng Yin and Jiahui Yu and Qiao Zhang and Steven Zheng and Ce Zheng and Weikang Zhou and Denny Zhou and Slav Petrov and Yonghui Wu},
      year={2023},
      eprint={2305.10403},
      archivePrefix={arXiv},
      primaryClass={cs.CL}
}

@misc{openAI2021codex,
      title={Evaluating Large Language Models Trained on Code}, 
      author={Mark Chen and Jerry Tworek and Heewoo Jun and Qiming Yuan and Henrique Ponde de Oliveira Pinto and Jared Kaplan and Harri Edwards and Yuri Burda and Nicholas Joseph and Greg Brockman and Alex Ray and Raul Puri and Gretchen Krueger and Michael Petrov and Heidy Khlaaf and Girish Sastry and Pamela Mishkin and Brooke Chan and Scott Gray and Nick Ryder and Mikhail Pavlov and Alethea Power and Lukasz Kaiser and Mohammad Bavarian and Clemens Winter and Philippe Tillet and Felipe Petroski Such and Dave Cummings and Matthias Plappert and Fotios Chantzis and Elizabeth Barnes and Ariel Herbert-Voss and William Hebgen Guss and Alex Nichol and Alex Paino and Nikolas Tezak and Jie Tang and Igor Babuschkin and Suchir Balaji and Shantanu Jain and William Saunders and Christopher Hesse and Andrew N. Carr and Jan Leike and Josh Achiam and Vedant Misra and Evan Morikawa and Alec Radford and Matthew Knight and Miles Brundage and Mira Murati and Katie Mayer and Peter Welinder and Bob McGrew and Dario Amodei and Sam McCandlish and Ilya Sutskever and Wojciech Zaremba},
      year={2021},
      eprint={2107.03374},
      archivePrefix={arXiv},
      primaryClass={cs.LG}
}

@misc{copilot2023robustness,
      title={On the Robustness of Code Generation Techniques: An Empirical Study on GitHub Copilot}, 
      author={Antonio Mastropaolo and Luca Pascarella and Emanuela Guglielmi and Matteo Ciniselli and Simone Scalabrino and Rocco Oliveto and Gabriele Bavota},
      year={2023},
      eprint={2302.00438},
      archivePrefix={arXiv},
      primaryClass={cs.SE}
}

@online{ChatGPT,
  author = {OpenAI},
  title = {OpenAI: Introducing ChatGPT},
  year = 2022,
  url = {https://openai.com/blog/chatgpt},
  urldate = {2023-09-30}
}

@online{Bard,
  author = {James Manyika},
  title = {An overview of Bard: an early experiment with generative AI},
  year = 2023,
  url = {https://ai.google/static/documents/google-about-bard.pdf},
  urldate = {2023-09-30}
}

Repos

@software{PanRepo,
    author = {Pan, Steven},
    license = {MIT License},
    title = {{Masther Thesis. APE in Data Science - Data Science Ontology, ASP Variant, Experiment Scripts, and Results.}},
    url = {https://github.com/SteeeveP/MScSeThesis}
}

Related

@article{hand2007datamining,
  title={Principles of data mining},
  author={Hand, David J},
  journal={Drug safety},
  volume={30},
  pages={621--622},
  year={2007},
  publisher={Springer}
}

@article{OntoDMWorkflowComposition,
author = {Záková, Monik and Kremen, Petr and Zelezn, Fili and Lavrac, Nada},
year = {2023},
month = {10},
pages = {},
title = {Using Ontological Reasoning and Planning for Data Mining Workflow Composition}
}

@article{he2021automl,
  title={AutoML: A survey of the state-of-the-art},
  author={He, Xin and Zhao, Kaiyong and Chu, Xiaowen},
  journal={Knowledge-Based Systems},
  volume={212},
  pages={106622},
  year={2021},
  publisher={Elsevier}
}

@book{hutter2019automated,
title = {Automated Machine Learning - Methods, Systems, Challenges},
editor = {Frank Hutter and Lars Kotthoff and Joaquin Vanschoren},
year = {2019},
publisher = {Springer},
keywords = {}
}

APE

@phdthesis{kasalica2022synthesis,
  title={Synthesis of Scientific Workflows: Theory and Practice of an Instance-Aware Approach},
  author={Kasalica, Vedran and others},
  year={2022},
  school={University Utrecht}
}

@article{kasalica2021ape,
  title={APE in the Wild: Automated Exploration of Proteomics Workflows in the bio. tools Registry},
  author={Kasalica, Vedran and Schwammle, Veit and Palmblad, Magnus and Ison, Jon and Lamprecht, Anna-Lena},
  journal={Journal of proteome research},
  volume={20},
  number={4},
  pages={2157--2165},
  year={2021},
  publisher={ACS Publications}
}

@inproceedings{kasalica2019workflow,
  title={Workflow discovery through semantic constraints: A geovisualization case study},
  author={Kasalica, Vedran and Lamprecht, Anna-Lena},
  booktitle={Computational Science and Its Applications--ICCSA 2019: 19th International Conference, Saint Petersburg, Russia, July 1--4, 2019, Proceedings, Part III 19},
  pages={473--488},
  year={2019},
  organization={Springer}
}

Ontology

@misc{noy2001ontology,
  title={Ontology development 101: A guide to creating your first ontology},
  author={Noy, Natalya F and McGuinness, Deborah L and others},
  year={2001},
  publisher={Stanford knowledge systems laboratory technical report KSL-01-05 and~…}
}

@inproceedings{ontoDM,
author = {Panov, Pance and Džeroski, Sašo and Soldatova, Larisa},
year = {2008},
month = {12},
pages = {752-760},
title = {OntoDM: An ontology of data mining},
journal = {Proceedings - IEEE International Conference on Data Mining Workshops, ICDM Workshops 2008},
doi = {10.1109/ICDMW.2008.62}
}

@software{ibmdatascience,
    author = {IBM},
    license = {CC-BY-4.0 License},
    title = {{Data Science Ontology}},
    url = {https://github.com/IBM/datascienceontology}
}

@online{ols4,
  author = {EMBL-EBI},
  title = {Ontology Lookup Service},
  year = 2023,
  url = {https://www.ebi.ac.uk/ols4/ontologies},
  urldate = {2023-09-30}
}

@online{dcat,
  author = {W3C Dataset Exchange Working Group},
  title = {Dataset Catalogue Vocabulary (DCAT)},
  url = {https://www.w3.org/TR/vocab-dcat-3/},
  urldate = {2023-09-30}
}

@software{microsoftcdm,
    author = {Microsoft},
    license = {CC-BY-4.0 License, MIT License},
    title = {{Common Data Model Official Packages}},
    url = {https://github.com/Microsoft/CDM}
}
